% Encoding: UTF-8

@Article{Andersen2006,
  author = {Leif B. G. Andersen},
  title  = {Efficient Simulation of the Heston Stochastic Volatility Model},
  year   = {2006},
}

@Book{Klebaner2005,
  title     = {Introduction to Stochastic Calculus with Applications},
  publisher = {Imperial College Press},
  year      = {2005},
  author    = {Fima C Klebaner},
}

@InBook{Glasserman2003,
  chapter   = {4},
  pages     = {267-268},
  title     = {Monte Carlo Methods in Financial Engineering},
  publisher = {Springer},
  year      = {2003},
  author    = {Paul Glasserman},
}

@Article{Broadie2006,
  author  = {Mark Broadie and \"{O}zg\"{u}r Kaya},
  title   = {Exact Simulation of Stochastic Volatility and Other Affine Jump Diffusion Processes},
  journal = {Operations Research},
  year    = {2006},
  volume  = {54},
  number  = {2},
  pages   = {217-231},
}

@InBook{Kienitz2012,
  chapter   = {7},
  pages     = {296},
  title     = {Financial Modelling Theory, Implementation and Practice (with Matlab source)},
  publisher = {Wiley},
  year      = {2012},
  author    = {J\"{o}rg Kienitz and Daniel Wetterau},
}

@Article{Dufresne2001,
  author = {Daniel Dufresne},
  title  = {The Integrated Square-Root Process},
  year   = {2001},
}

@InProceedings{Hickernell2012,
  author    = {Fred J. Hickernell and Lan Jiang and Yuewei Liu and Art B. Owen},
  title     = {Guaranteed conservative fixed width confidence intervals via Monte Carlo sampling},
  booktitle = {Monte Carlo and Quasi Monte Carlo Methods},
  year      = {2012},
  pages     = {105-128},
  journal   = {Monte Carlo and Quasi Monte Carlo Methods},
}

@Article{HullWhite1987,
  author  = {John Hull and Alan White},
  title   = {The pricing of options on assets with stochastic volatilities},
  journal = {The journal of finance},
  year    = {1987},
  volume  = {42},
  number  = {2},
  pages   = {281-300},
  month   = {June},
}

@Article{ScottChesney1989,
  author  = {Marc Chesney and Louis Scott},
  title   = {Pricing European Currency Options: A Comparison of the Modified Black- Scholes Model and a Random Variance Model},
  journal = {The Journal of Financial and Quantitative Analysis},
  year    = {1989},
  volume  = {24},
  number  = {3},
  pages   = {267-284},
  month   = {September},
}

@Article{Heston1993,
  author  = {Steven L. Heston},
  title   = {A Closed-Form Solution for Options with Stochastic Volatility with Applications to Bond and Currency Options},
  journal = {Review of financial studies},
  year    = {1993},
  volume  = {6},
  number  = {2},
  pages   = {327-343},
}

@Article{SABR2002,
  author  = {Patrick S. Hagan and Deep Kumar and Andrew S. Lesniewski and Diana E. Woodward},
  title   = {Managing smile risk},
  journal = {The Best of Wilmott 1: Incorporating the Quantitative Finance Review},
  year    = {2002},
  pages   = {249-296},
}

@Comment{jabref-meta: databaseType:bibtex;}
